@article{Eigen1971,
	title     = {Selforganization of matter and the evolution of biological macromolecules},
	author    = {Eigen, Manfred},
	journal   = {Naturwissenschaften},
	volume    = {58},
	number    = {10},
	pages     = {465--523},
	year      = {1971},
	publisher = {Springer}
}

 @article{Fajgelbaum_Morales_Serrato_Zidar_2018,
	title  = {State Taxes and Spatial Misallocation},
	author = {Fajgelbaum, Pablo D and Morales, Eduardo and Serrato, Juan Carlos Suarez and Zidar, Owen},
	year   = {2018},
	pages  = {90}
}

@article{Hsieh_Moretti_2019,
	title   = {Housing Constraints and Spatial Misallocation},
	volume  = {11},
	number  = {2},
	journal = {American Economic Journal: Macroeconomics},
	author  = {Hsieh, Chang-Tai and Moretti, Enrico},
	year    = {2019},
	pages   = {39}
}

 @inbook{Moretti_2011,
	title     = {Local Labor Markets},
	booktitle = {Handbook of Labor Economics},
	volume    = {4},
	publisher = {Elsevier},
	author    = {Moretti, Enrico},
	year      = {2011}
}
 @article{Suárez_Serrato_Zidar_2016,
	title   = {Who Benefits from State Corporate Tax Cuts? A Local Labor Markets Approach with Heterogeneous Firms},
	journal = {American Economic Review},
	volume  = {106},
	number  = {9},
	author  = {Suárez Serrato, Juan Carlos and Zidar, Owen},
	year    = {2016}
}