@inproceedings{Carroll2018,
	address = {Austin, Texas},
	author = {Carroll, Christopher and Kaufman, Alexander and Kazil, Jacqueline and Palmer, Nathan and White, Matthew},
	booktitle = {Proceedings of the {Python} in {Science} {Conference}},
	doi = {10.25080/majora-4af1f417-004},
	editor = {Akici, Fatih and Lippa, David and Niederhut, Dillon and Pacer, M},
	issn = {2575-9752},
	year = {2018},
	pages = {25--30},
	organization = {SciPy},
	title = {The econ-{ARK} and {HARK}: Open source tools for computational economics},
}


@article{Virtanen2020,
	author = {Virtanen, Pauli and Gommers, Ralf and Oliphant, Travis E and Haberland, Matt and Reddy, Tyler and Cournapeau, David and Burovski, Evgeni and Peterson, Pearu and Weckesser, Warren and Bright, Jonathan and van der Walt, St{\' e}fan J and Brett, Matthew and Wilson, Joshua and Millman, K Jarrod and Mayorov, Nikolay and Nelson, Andrew R J and Jones, Eric and Kern, Robert and Larson, Eric and Carey, C J and Polat, {\. I}lhan and Feng, Yu and Moore, Eric W and VanderPlas, Jake and Laxalde, Denis and Perktold, Josef and Cimrman, Robert and Henriksen, Ian and Quintero, E A and Harris, Charles R and Archibald, Anne M and Ribeiro, Ant{\^ o}nio H and Pedregosa, Fabian and van Mulbregt, Paul and {SciPy 1.0 Contributors}},
	journal = {Nature methods},
	doi = {10.1038/s41592-019-0686-2},
	issn = {1548-7091, 1548-7105},
	number = {3},
	year = {2020},
	month = {3},
	pages = {261--272},
	title = {SciPy 1.0: fundamental algorithms for scientific computing in {Python}},
	volume = {17},
}


@article{Harris2020,
	author = {Harris, Charles R and Millman, K Jarrod and van der Walt, St{\' e}fan J and Gommers, Ralf and Virtanen, Pauli and Cournapeau, David and Wieser, Eric and Taylor, Julian and Berg, Sebastian and Smith, Nathaniel J and Kern, Robert and Picus, Matti and Hoyer, Stephan and van Kerkwijk, Marten H and Brett, Matthew and Haldane, Allan and Del R\i{{\' }}o, Jaime Fern{\' a}ndez and Wiebe, Mark and Peterson, Pearu and G{\' e}rard-Marchant, Pierre and Sheppard, Kevin and Reddy, Tyler and Weckesser, Warren and Abbasi, Hameer and Gohlke, Christoph and Oliphant, Travis E},
	journal = {Nature},
	doi = {10.1038/s41586-020-2649-2},
	issn = {0028-0836, 1476-4687},
	number = {7825},
	year = {2020},
	month = {9},
	pages = {357--362},
	title = {Array programming with {NumPy}},
	volume = {585},
}


@inproceedings{Lam2015,
	address = {Austin, Texas},
	author = {Lam, Siu Kwan and Pitrou, Antoine and Seibert, Stanley},
	series = {LLVM '15},
	booktitle = {Proceedings of the {Second} {Workshop} on the {LLVM} {Compiler} {Infrastructure} in {HPC}},
	doi = {10.1145/2833157.2833162},
	isbn = {9781450340052},
	number = {Article 7},
	year = {2015},
	month = {11},
	pages = {1--6},
	organization = {Association for Computing Machinery},
	title = {Numba: a {LLVM}-based {Python} {JIT} compiler},
}


@inproceedings{Okuta2017,
	author = {Okuta, Ryosuke and Unno, Yuya and Nishino, Daisuke and Hido, Shohei and Loomis, Crissman},
	booktitle = {Proceedings of workshop on machine learning systems ({LearningSys}) in the thirty-first annual conference on neural information processing systems ({NIPS})},
	year = {2017},
	title = {Cupy: A numpy-compatible library for nvidia gpu calculations},
	volume = {5},
}


@article{Pedregosa2011,
	author = {Pedregosa, F and Varoquaux, G and Gramfort, A and Michel, V and Thirion, B and Grisel, O and Blondel, M and Prettenhofer, P and Weiss, R and Dubourg, V and Vanderplas, J and Passos, A and Cournapeau, D and Brucher, M and Perrot, M and Duchesnay, E},
	journal = {Journal of machine learning research: JMLR},
	issn = {1532-4435, 1533-7928},
	year = {2011},
	pages = {2825--2830},
	publisher = {JMLR. org},
	title = {Scikit-{Learn}: Machine {Learning} in {Python}},
	volume = {12},
}


@article{Paszke2019,
	author = {Paszke, Adam and Gross, Sam and Massa, Francisco and Lerer, Adam and Bradbury, James and Chanan, Gregory and Killeen, Trevor and Lin, Zeming and Gimelshein, Natalia and Antiga, Luca and {Others}},
	journal = {Advances in neural information processing systems},
	issn = {1049-5258},
	year = {2019},
	pages = {8026--8037},
	title = {Pytorch: An imperative style, high-performance deep learning library},
	volume = {32},
}


@inproceedings{Gardner2018,
	author = {Gardner, Jacob R and Pleiss, Geoff and Bindel, David and Weinberger, Kilian Q and Wilson, Andrew Gordon},
	booktitle = {Advances in {Neural} {Information} {Processing} {Systems}},
	year = {2018},
	title = {GPyTorch: Blackbox {Matrix}-{Matrix} {Gaussian} {Process} {Inference} with {GPU} {Acceleration}},
}


@article{Carroll2006,
	author = {Carroll, Christopher D},
	journal = {Economics letters},
	doi = {10.1016/j.econlet.2005.09.013},
	issn = {0165-1765, 1873-7374},
	number = {3},
	year = {2006},
	month = {6},
	pages = {312--320},
	publisher = {Elsevier BV},
	title = {The method of endogenous gridpoints for solving dynamic stochastic optimization problems},
	volume = {91},
}


@article{Barillas2007,
	author = {Barillas, Francisco and Fern{\' a}ndez-Villaverde, Jes{\' u}s},
	journal = {Journal of economic dynamics & control},
	doi = {10.1016/j.jedc.2006.08.005},
	issn = {0165-1889, 1879-1743},
	number = {8},
	year = {2007},
	month = {8},
	pages = {2698--2712},
	publisher = {Elsevier BV},
	title = {A generalization of the endogenous grid method},
	volume = {31},
}


@article{Hintermaier2010,
	author = {Hintermaier, Thomas and Koeniger, Winfried},
	journal = {Journal of economic dynamics & control},
	doi = {10.1016/j.jedc.2010.05.002},
	issn = {0165-1889},
	number = {10},
	year = {2010},
	month = {10},
	pages = {2074--2088},
	publisher = {Elsevier},
	title = {The method of endogenous gridpoints with occasionally binding constraints among endogenous variables},
	volume = {34},
}


@article{Jorgensen2013,
	author = {J\o{}rgensen, Thomas H},
	journal = {Economics letters},
	doi = {10.1016/j.econlet.2013.02.027},
	issn = {0165-1765},
	number = {3},
	year = {2013},
	month = {6},
	pages = {287--290},
	publisher = {Elsevier},
	title = {Structural estimation of continuous choice models: Evaluating the {EGM} and {MPEC}},
	volume = {119},
}


@article{Maliar2013,
	author = {Maliar, Lilia and Maliar, Serguei},
	journal = {Economics letters},
	doi = {10.1016/j.econlet.2013.04.031},
	issn = {0165-1765},
	number = {2},
	year = {2013},
	month = {8},
	pages = {262--266},
	publisher = {North-Holland},
	title = {Envelope condition method versus endogenous grid method for solving dynamic programming problems},
	volume = {120},
}


@article{White2015,
	author = {White, Matthew N},
	journal = {Journal of economic dynamics & control},
	doi = {10.1016/j.jedc.2015.08.001},
	issn = {0165-1889, 1879-1743},
	year = {2015},
	month = {11},
	pages = {26--41},
	publisher = {Elsevier BV},
	title = {The method of endogenous gridpoints in theory and practice},
	volume = {60},
}


@article{Iskhakov2015,
	author = {Iskhakov, Fedor},
	journal = {Economics letters},
	doi = {10.1016/j.econlet.2015.07.033},
	issn = {0165-1765},
	year = {2015},
	month = {10},
	pages = {72--76},
	publisher = {Elsevier},
	title = {Multidimensional endogenous gridpoint method: Solving triangular dynamic stochastic optimization problems without root-finding operations},
	volume = {135},
}


@article{Ludwig2018,
	author = {Ludwig, Alexander and Sch{\" o}n, Matthias},
	journal = {Computational Economics},
	doi = {10.1007/s10614-016-9611-2},
	issn = {0927-7099},
	number = {3},
	year = {2018},
	month = {3},
	pages = {463--492},
	publisher = {Springer Science},
	title = {Endogenous {Grids} in {Higher} {Dimensions}: Delaunay {Interpolation} and {Hybrid} {Methods}},
	volume = {51},
}


@article{Fella2014,
	author = {Fella, Giulio},
	journal = {Review of economic dynamics},
	doi = {10.1016/j.red.2013.07.001},
	issn = {1094-2025},
	number = {2},
	year = {2014},
	month = {4},
	pages = {329--344},
	publisher = {Elsevier Inc.},
	title = {A generalized endogenous grid method for non-smooth and non-concave problems},
	volume = {17},
}


@article{Arellano2016,
	author = {Arellano, Cristina and Maliar, Lilia and Maliar, Serguei and Tsyrennikov, Viktor},
	journal = {Journal of economic dynamics & control},
	doi = {10.1016/j.jedc.2016.05.016},
	issn = {0165-1889, 1879-1743},
	year = {2016},
	month = {8},
	pages = {436--459},
	publisher = {Elsevier BV},
	title = {Envelope condition method with an application to default risk models},
	volume = {69},
}


@article{Iskhakov2017,
	author = {Iskhakov, Fedor and J\o{}rgensen, Thomas H and Rust, John and Schjerning, Bertel},
	journal = {Quantitative economics},
	doi = {10.3982/QE643},
	issn = {1759-7323, 1759-7331},
	number = {2},
	year = {2017},
	month = {7},
	pages = {317--365},
	publisher = {John Wiley & Sons, Ltd},
	title = {The endogenous grid method for discretecontinuous dynamic choice models with (or without) taste shocks},
	volume = {8},
}


@article{Druedahl2017,
	author = {Druedahl, Jeppe and J\o{}rgensen, Thomas H\o{}gholm},
	journal = {Journal of economic dynamics & control},
	doi = {10.1016/j.jedc.2016.11.005},
	issn = {0165-1889},
	year = {2017},
	month = {1},
	pages = {87--107},
	publisher = {North-Holland},
	title = {A general endogenous grid method for multi-dimensional models with non-convexities and constraints},
	volume = {74},
}


@article{Clausen2020,
	author = {Clausen, Andrew and Strub, Carlo},
	journal = {Journal of economic theory},
	doi = {10.1016/j.jet.2020.105019},
	issn = {0022-0531, 1095-7235},
	number = {105019},
	year = {2020},
	month = {5},
	pages = {105019},
	publisher = {Elsevier BV},
	title = {Reverse calculus and nested optimization},
	volume = {187},
}


@article{Druedahl2021,
	author = {Druedahl, Jeppe},
	journal = {Computational Economics},
	doi = {10.1007/s10614-020-10045-x},
	issn = {0927-7099},
	number = {3},
	year = {2021},
	month = {10},
	pages = {747--775},
	publisher = {Springer US},
	title = {A {Guide} on {Solving} {Non}-convex {Consumption}-{Saving} {Models}},
	volume = {58},
}


@article{Krusell1998Income,
	author = {Krusell, Per and Smith, Jr., Anthony A.},
	journal = {Journal of Political Economy},
	doi = {10.1086/250034},
	issn = {0022-3808},
	number = {5},
	year = {1998},
	month = {10},
	pages = {867--896},
	publisher = {University of Chicago Press},
	title = {Income and {Wealth} {Heterogeneity} in the {Macroeconomy}},
	url = {http://dx.doi.org/10.1086/250034},
	volume = {106},
}


@misc{SolvingMicroDSOPs,
	author = {Carroll, Christopher D.},
	year = {2024},
	month = {2},
	title = {Solution {Methods} for {Microeconomic} {Dynamic} {Stochastic} {Optimization} {Problems}},
	url = {https://github.com/econ-ark/SolvingMicroDSOPs},
	howpublished = {https://github.com/econ-ark/SolvingMicroDSOPs},
}


@article{Auclert_2021,
	author = {Auclert, Adrien and Bard{\' o}czy, Bence and Rognlie, Matthew and Straub, Ludwig},
	journal = {Econometrica},
	doi = {10.3982/ecta17434},
	issn = {0012-9682},
	number = {5},
	year = {2021},
	pages = {2375--2408},
	publisher = {The Econometric Society},
	title = {Using the {SequenceSpace} {Jacobian} to {Solve} and {Estimate} {HeterogeneousAgent} {Models}},
	url = {http://dx.doi.org/10.3982/ECTA17434},
	volume = {89},
}


@article{Scheidegger2019,
	author = {Scheidegger, Simon and Bilionis, Ilias},
	journal = {Journal of computational science},
	doi = {10.1016/j.jocs.2019.03.004},
	issn = {1877-7503},
	year = {2019},
	month = {4},
	pages = {68--82},
	publisher = {Elsevier},
	title = {Machine learning for high-dimensional dynamic stochastic economies},
	volume = {33},
}
